<record><leader>00000cas a22000007a 4500</leader><controlfield tag="001">23986962</controlfield><controlfield tag="008">910625d18491850ncuwr ne      0    0eng d</controlfield><datafield ind1=" " ind2=" " tag="010"><subfield code="a">sn 91068234 </subfield></datafield><datafield ind1=" " ind2=" " tag="040"><subfield code="a">NVJ</subfield><subfield code="b">eng</subfield><subfield code="c">NVJ</subfield><subfield code="d">FUG</subfield><subfield code="d">OCL</subfield><subfield code="d">OCLCQ</subfield><subfield code="d">OCLCF</subfield><subfield code="d">NDD</subfield></datafield><datafield ind1=" " ind2=" " tag="042"><subfield code="a">msc</subfield></datafield><datafield ind1=" " ind2=" " tag="043"><subfield code="a">n-us-nc</subfield></datafield><datafield ind1="0" ind2=" " tag="130"><subfield code="a">Hornets' nest (Charlotte, N.C.)</subfield></datafield><datafield ind1="1" ind2="4" tag="245"><subfield code="a">The hornets' nest.</subfield></datafield><datafield ind1=" " ind2=" " tag="260"><subfield code="a">Charlotte, N.C. :</subfield><subfield code="b">J.L. Badger,</subfield><subfield code="c">1849-</subfield></datafield><datafield ind1=" " ind2=" " tag="300"><subfield code="a">v. :</subfield><subfield code="c">59 cm.</subfield></datafield><datafield ind1=" " ind2=" " tag="310"><subfield code="a">Weekly</subfield></datafield><datafield ind1="0" ind2=" " tag="362"><subfield code="a">Vol. 1, no. 1 (July 7, 1849)-</subfield></datafield><datafield ind1="1" ind2=" " tag="362"><subfield code="a">Ceased in 1850.</subfield></datafield><datafield ind1=" " ind2=" " tag="500"><subfield code="a">Editor and proprietor: J. L. Badger.</subfield></datafield><datafield ind1=" " ind2=" " tag="500"><subfield code="a">"A family paper devoted to politics, literature, agriculture, manufactures, and news"--Masthead, September 1, 1849.</subfield></datafield><datafield ind1=" " ind2=" " tag="588"><subfield code="a">Latest issue consulted: Vol. 1, no. 26 (January 12, 1850).</subfield></datafield><datafield ind1=" " ind2="0" tag="651"><subfield code="a">Charlotte (N.C.)</subfield><subfield code="v">Newspapers.</subfield></datafield><datafield ind1=" " ind2="0" tag="651"><subfield code="a">Mecklenburg County (N.C.)</subfield><subfield code="v">Newspapers.</subfield></datafield><datafield ind1=" " ind2="7" tag="651"><subfield code="a">North Carolina</subfield><subfield code="z">Charlotte.</subfield><subfield code="2">fast</subfield><subfield code="0">(OCoLC)fst01204596</subfield></datafield><datafield ind1=" " ind2="7" tag="651"><subfield code="a">North Carolina</subfield><subfield code="z">Mecklenburg County.</subfield><subfield code="2">fast</subfield><subfield code="0">(OCoLC)fst01208074</subfield></datafield><datafield ind1=" " ind2="7" tag="655"><subfield code="a">Newspapers.</subfield><subfield code="2">fast</subfield><subfield code="0">(OCoLC)fst01423814</subfield></datafield><datafield ind1=" " ind2=" " tag="752"><subfield code="a">United States</subfield><subfield code="b">North Carolina</subfield><subfield code="c">Mecklenburg</subfield><subfield code="d">Charlotte.</subfield></datafield><datafield ind1="0" ind2="8" tag="776"><subfield code="i">Microfilm version:</subfield><subfield code="t">Hornets' nest (Charlotte, N.C.)</subfield><subfield code="w">(OCoLC)36848033</subfield></datafield><datafield ind1="0" ind2="0" tag="785"><subfield code="t">Hornets' nest and true southron</subfield><subfield code="w">(DLC)sn 84020715</subfield><subfield code="w">(OCoLC)11446678</subfield></datafield></record>